
@inproceedings{Rother,
author = {C. Rother and V. Kolmogorov and A. Blake},
title = {GrabCut - Interactive Foreground Extraction using Iterated Graph Cuts},
booktitle = {ACM SIGGRAPH 04},
pages = {309-314},
year = 2004
}

@inproceedings{Snow,
author = {D. Snow and P. Viola and R. Zabih},
title = {Exact Voxel Occupancy with Graph Cuts},
booktitle = {IEEE Conference on Computer Vision and Pattern Recognition},
pages = {345-352},
year = 2000
}